@article{groups42,
  title={Natural isomorphisms in group theory},
  author={Eilenberg, Samuel and MacLane, Saunders},
  journal={Proceedings of the National Academy of Sciences},
  volume={28},
  number={12},
  pages={537--543},
  date={1942},
  langid={english},
  publisher={National Academy of Sciences}
}

@article{eilenberg42,
  title={Group Extensions and Homology},
  author={Eilenberg, Samuel and MacLane, Saunders},
  journal={Annals of Mathematics},
  pages={757--831},
  date={1942},
  publisher = {Annals of Mathematics},
  number = {4},
  volume = {43},
  langid={english}
}

@article{freud37,
  title={Entwicklungen von {R}{\"a}umen und ihren {G}ruppen},
  author={Freudenthal, Hans},
  journal={Compositio Mathematica},
  volume={4},
  pages={145--234},
  date={1937},
  langid = {german}
}

@book{banach32,
   title={Th{\'e}orie des op{\'e}rations lin{\'e}aires},
   author={Banach, Stefan},
   publisher={Hafner Publishing Company},
   date={1932},
   langid={french},
   series={Monografje Matematyczne}
}

@book{lef1942,
  title={Algebraic Topology},
  author={Lefschetz, Solomon},
%  isbn={9780821810279},
  lccn={41006147},
  series={American Mathematical Society Colloquium Publications},
  volume={27},
  date={1942},
  publisher={American Mathematical Society}

}

@book{weil1938,
  title={L'integration Dans Les Groupes Topologiques Et Ses Applications},
  author={Weil, Andr{\'e}},
  lccn={43002605},
  date={1938},
  series={Publications de l'Institut de math{\'e}matique de l'Universit{\'e} de Strasbourg},
  volume={4},
  publisher={Hermann},
  langid={french}
}

@article{birk42,
author = {Birkhoff, Garrett},
title = {Generalized arithmetic},
volume = {9},
journal = {Duke Mathematical Journal},
number = {2},
publisher = {Duke University Press},
pages = {283--302},
date = {1942},
langid={english}
}
